@article{cite:8,
  author = {R. Liouville and G. Bernoulli},
  title = {{On the Positivity of Conditionally Closed, Right-Simply Contravariant Scalars}},
  journal = {{J}ournal of Numerical Geometry},
  month = {aug},
  year = {1993},
  volume = {6},
  pages = {152--191},
}


@article{cite:2,
  author = {Q. Smith},
  title = {{${\ell}$-Multiply Contra-One-to-One Paths over Semi-Almost Everywhere Negative Isomorphisms}},
  journal = {{J}ournal of Homological Model Theory},
  month = {sep},
  year = {2003},
  volume = {7},
  pages = {1408--1423},
}


@article{cite:0,
  author = {Q. Tate and L. Garcia and G. Banach},
  title = {{Regularity Methods in Fuzzy Number Theory}},
  journal = {{A}rchives of the {M}oldovan {M}athematical {S}ociety},
  month = {aug},
  year = {1995},
  volume = {0},
  pages = {78--93},
}


@ARTICLE{2008ApJ...676..472B,
  author = {{Beck}, T.~L. and {McGregor}, P.~J. and {Takami}, M. and {Pyo}, T.-S.},
  title = {{Spatially Resolved Molecular Hydrogen Emission in the Inner 200 AU Environments of Classical T Tauri Stars}},
  journal = {\apj},
  archiveprefix = {arXiv},
  eprint = {0711.3844},
  keywords = {Stars: Formation, stars: individual (DG Tau), stars: individual (HL Tau), stars: individual (HV Tau C), stars: individual (RW Aur), stars: individual (T Tau), stars: individual (XZ Tau), Stars: Pre-Main-Sequence, Stars: Winds, Outflows},
  year = {2008},
  month = {mar},
  volume = {676},
  pages = {472-489},
  doi = {10.1086/527528},
  adsurl = {http://adsabs.harvard.edu/abs/2008ApJ...676..472B},
  adsnote = {Provided by the SAO/NASA Astrophysics Data System},
}


@ARTICLE{2013A&A...557A.110S,
  author = {{Schneider}, P.~C. and {Eisl{\"o}ffel}, J. and {G{\"u}del}, M. and {G{\"u}nther}, H.~M. and {Herczeg}, G. and {Robrade}, J. and {Schmitt}, J.~H.~M.~M.},
  title = {{HST far-ultraviolet imaging of DG Tauri. Fluorescent molecular hydrogen emission from the wide opening-angle outflow}},
  journal = {\aap},
  archiveprefix = {arXiv},
  eprint = {1307.2846},
  primaryclass = {astro-ph.SR},
  keywords = {stars: individual: DG Tauri, Herbig-Haro objects, ISM: jets and outflows, stars: variables: T Tauri, Herbig Ae/Be, stars: formation},
  year = {2013},
  month = {sep},
  volume = {557},
  eid = {A110},
  pages = {A110},
  doi = {10.1051/0004-6361/201321564},
  adsurl = {http://adsabs.harvard.edu/abs/2013A%26A...557A.110S},
  adsnote = {Provided by the SAO/NASA Astrophysics Data System},
}


@ARTICLE{2000ApJ...537L..49B,
  author = {{Bacciotti}, F. and {Mundt}, R. and {Ray}, T.~P. and {Eisl{\"o}ffel}, J. and {Solf}, J. and {Camezind}, M.},
  title = {{Hubble Space Telescope STIS Spectroscopy of the Optical Outflow from DG Tauri: Structure and Kinematics on Subarcsecond Scales}},
  journal = {\apjl},
  eprint = {astro-ph/0005463},
  keywords = {ISM: Herbig-Haro Objects, ISM: Jets and Outflows, Stars: Formation, Stars: Pre-Main-Sequence},
  year = {2000},
  month = {jul},
  volume = {537},
  pages = {L49-L52},
  doi = {10.1086/312745},
  adsurl = {http://adsabs.harvard.edu/abs/2000ApJ...537L..49B},
  adsnote = {Provided by the SAO/NASA Astrophysics Data System},
}


@ARTICLE{2004Ap&SS.292..651B,
  author = {{Bacciotti}, F. and {Ray}, T.~P. and {Coffey}, D. and {Eisl{\"o}ffel}, J. and {Woitas}, J.},
  title = {{Testing the Models for Jet Generation with Hubble Space Telescope Observations}},
  journal = {\apss},
  keywords = {T Tauri stars, YSO jets, high resolution, angular momentum},
  year = {2004},
  month = {aug},
  volume = {292},
  pages = {651-658},
  doi = {10.1023/B:ASTR.0000045071.52869.a4},
  adsurl = {http://adsabs.harvard.edu/abs/2004Ap%26SS.292..651B},
  adsnote = {Provided by the SAO/NASA Astrophysics Data System},
}


@ARTICLE{2008ApJ...689.1112C,
  author = {{Coffey}, D. and {Bacciotti}, F. and {Podio}, L.},
  title = {{T Tauri Jet Physics Resolved Near the Launching Region with the Hubble Space Telescope}},
  journal = {\apj},
  archiveprefix = {arXiv},
  eprint = {0808.0617},
  keywords = {ISM: Jets and Outflows, Stars: Formation, Stars: Individual: Alphanumeric: TH 28, stars: individual (DG Tau), stars: individual (CW Tau), Stars: Individual: Alphanumeric: HH 30, stars: individual (RW Aur), Stars: Pre-Main-Sequence},
  year = {2008},
  month = {dec},
  volume = {689},
  pages = {1112-1126},
  doi = {10.1086/592343},
  adsurl = {http://adsabs.harvard.edu/abs/2008ApJ...689.1112C},
  adsnote = {Provided by the SAO/NASA Astrophysics Data System},
}


@ARTICLE{2013A&A...550L...1S,
  author = {{Schneider}, P.~C. and {Eisl{\"o}ffel}, J. and {G{\"u}del}, M. and {G{\"u}nther}, H.~M. and {Herczeg}, G. and {Robrade}, J. and {Schmitt}, J.~H.~M.~M.},
  title = {{HST FUV C iv observations of the hot DG Tauri jet}},
  journal = {\aap},
  archiveprefix = {arXiv},
  eprint = {1212.6363},
  primaryclass = {astro-ph.SR},
  keywords = {stars: winds, outflows, stars: pre-main sequence, ISM: jets and outflows, ultraviolet: stars, stars: individual: DG Tauri},
  year = {2013},
  month = {feb},
  volume = {550},
  eid = {L1},
  pages = {L1},
  doi = {10.1051/0004-6361/201118592},
  adsurl = {http://adsabs.harvard.edu/abs/2013A%26A...550L...1S},
  adsnote = {Provided by the SAO/NASA Astrophysics Data System},
}
